@book{2012,
  author =       {Н.С. Бахвалов, Н.П. Жидков, Г.М. Кобельков},
  issn =         5996308029,
  publisher =    {БИНОМ. Лаборатория знаний},
  title =        {{Численные методы. Учебник}},
  year =         2012
}
@book{1978,
  author =       {А.А. Самарский, Е.С. Николаев},
  title =        {{Методы решения сеточных уравнений: учеб. для
                  вузов}},
  publisher =    {Главная редакция физико-математической литературы
                  изд-ва ``Наука''},
  address =      {Москва},
  year =         1978
}
@book{LeVeque2007,
  author =       {LeVeque, Randall J},
  isbn =         0898716292,
  publisher =    {SIAM},
  title =        {{Finite difference methods for ordinary and partial
                  differential equations: steady-state and
                  time-dependent problems}},
  year =         2007
}

@book{patankar1968heat,
  title =        {Heat and mass transfer in boundary layers},
  author =       {Patankar, Suhas V and Spalding, Dudley Brian},
  year =         1968,
  publisher =    {Morgan-Grampian}
}


@book{Smith1985,
  author =       {Gordon Dennis Smith},
  isbn =         0198596502,
  publisher =    {Oxford university press},
  title =        {Numerical solution of partial differential
                  equations: finite difference methods},
  year =         1985
}

@book{Zienkiewicz2005,
  author =       {Olek Zienkiewicz, Robert Taylor, J.Z. Zhu},
  isbn =         {008047277X},
  publisher =    {Elsevier},
  title =        {The finite element method: its basis and
                  fundamentals},
  year =         2005,
  pages = 756
}

@book{Eymard2003,
  title =        "Finite volume methods",
  series =       "Handbook of Numerical Analysis",
  publisher =    "Elsevier",
  volume =       "7",
  pages =        "713 - 1018",
  year =         "2000",
  booktitle =    "Solution of Equation in ℝn (Part 3), Techniques of
                  Scientific Computing (Part 3)",
  issn =         "1570-8659",
  doi =          "https://doi.org/10.1016/S1570-8659(00)07005-8",
  url =
                  "http://www.sciencedirect.com/science/article/pii/S1570865900070058",
  author =       "Robert Eymard and Thierry Gallouët and Raphaèle
                  Herbin",
  abstract =     "Publisher Summary This chapter focuses on finite
                  volume methods. The finite volume method is a
                  discretization method that is well suited for the
                  numerical simulation of various types (for instance,
                  elliptic, parabolic, or hyperbolic) of conservation
                  laws; it has been extensively used in several
                  engineering fields, such as fluid mechanics, heat
                  and mass transfer, or petroleum engineering. Some of
                  the important features of the finite volume method
                  are similar to those of the finite element method:
                  it may be used on arbitrary geometries, using
                  structured or unstructured meshes, and it leads to
                  robust schemes. The finite volume method is locally
                  conservative because it is based on a “balance"
}


@book{johnson2012numerical,
  title =        {Numerical solution of partial differential equations
                  by the finite element method},
  author =       {Johnson, Claes},
  year =         2012,
  publisher =    {Courier Corporation}
}
}
